<?xml version="1.0" encoding="UTF-8"?><collection xmlns="http://www.loc.gov/MARC21/slim"><record><leader>00317nam--2200109-i-4500</leader><controlfield tag="001">000018277</controlfield><controlfield tag="002">20161230</controlfield><controlfield tag="005">20161230201032</controlfield><controlfield tag="008">060222s1000------------r-----000-0-eng-d</controlfield><datafield ind1=" " ind2=" " tag="245"><subfield code="a">Environmental contamination from weapon tests</subfield></datafield><datafield ind1=" " ind2=" " tag="260"><subfield code="a">New York, U.S. Atomic Energy Commission, 1958 Xi + 359 P. Fotocopii</subfield></datafield><datafield ind1=" " ind2=" " tag="852"><subfield code="a">14632</subfield></datafield></record></collection>